<record><leader>00000cas a22000007a 4500</leader><controlfield tag="001">13684676</controlfield><controlfield tag="008">860604d1uuu19uutxudn ne      0   a0eng d</controlfield><datafield ind1=" " ind2=" " tag="010"><subfield code="a">sn 86064226 </subfield></datafield><datafield ind1=" " ind2=" " tag="040"><subfield code="a">KSH</subfield><subfield code="b">eng</subfield><subfield code="c">KSH</subfield><subfield code="d">NPT</subfield><subfield code="d">PPM</subfield><subfield code="d">NSD</subfield><subfield code="d">MQN</subfield><subfield code="d">NSD</subfield><subfield code="d">PPM</subfield><subfield code="d">CUS</subfield><subfield code="d">OCLCQ</subfield><subfield code="d">OCLCF</subfield><subfield code="d">OCLCO</subfield></datafield><datafield ind1=" " ind2=" " tag="012"><subfield code="j">0</subfield><subfield code="m">d</subfield></datafield><datafield ind1="1" ind2=" " tag="022"><subfield code="a">1046-5502</subfield><subfield code="l">1046-5502</subfield><subfield code="2">1</subfield></datafield><datafield ind1="1" ind2=" " tag="029"><subfield code="a">AU@</subfield><subfield code="b">000041015510</subfield></datafield><datafield ind1="1" ind2=" " tag="029"><subfield code="a">NZ1</subfield><subfield code="b">16076044</subfield></datafield><datafield ind1=" " ind2=" " tag="037"><subfield code="b">Marshall News Messenger, Circulation Dept., POB 730, Marshall, TX 75671</subfield></datafield><datafield ind1=" " ind2=" " tag="042"><subfield code="a">msc</subfield><subfield code="a">nsdp</subfield></datafield><datafield ind1=" " ind2=" " tag="043"><subfield code="a">n-us-tx</subfield></datafield><datafield ind1="1" ind2="4" tag="050"><subfield code="a">Newspaper</subfield></datafield><datafield ind1=" " ind2="0" tag="222"><subfield code="a">Marshall news messenger</subfield></datafield><datafield ind1="0" ind2="0" tag="245"><subfield code="a">Marshall news messenger.</subfield></datafield><datafield ind1="3" ind2="0" tag="246"><subfield code="a">News messenger</subfield></datafield><datafield ind1=" " ind2=" " tag="260"><subfield code="a">Marshall, Tex. :</subfield><subfield code="b">Marshall News Messenger Pub. Co.</subfield></datafield><datafield ind1=" " ind2=" " tag="300"><subfield code="a">v. :</subfield><subfield code="b">ill. ;</subfield><subfield code="c">55 cm.</subfield></datafield><datafield ind1=" " ind2=" " tag="310"><subfield code="a">Daily (except Sat.)</subfield></datafield><datafield ind1=" " ind2=" " tag="321"><subfield code="a">Weekly,</subfield><subfield code="b">-1937</subfield></datafield><datafield ind1=" " ind2=" " tag="515"><subfield code="a">In 1937 assumes numbering of: The Marshall evening messenger.</subfield></datafield><datafield ind1=" " ind2=" " tag="588"><subfield code="a">Description based on: Vol. 6, no. 12 (Nov. 18, 1934).</subfield></datafield><datafield ind1=" " ind2="0" tag="651"><subfield code="a">Marshall (Tex.)</subfield><subfield code="v">Newspapers.</subfield></datafield><datafield ind1=" " ind2="7" tag="655"><subfield code="a">Newspapers.</subfield><subfield code="2">fast</subfield><subfield code="0">(OCoLC)fst01423814</subfield></datafield><datafield ind1=" " ind2="7" tag="651"><subfield code="a">Texas</subfield><subfield code="z">Marshall.</subfield><subfield code="2">fast</subfield><subfield code="0">(OCoLC)fst01205396</subfield></datafield><datafield ind1=" " ind2=" " tag="752"><subfield code="a">United States</subfield><subfield code="b">Texas</subfield><subfield code="c">Harrison</subfield><subfield code="d">Marshall.</subfield></datafield><datafield ind1="0" ind2=" " tag="775"><subfield code="t">Marshall evening messenger</subfield><subfield code="w">(DLC)sn 86089871</subfield></datafield><datafield ind1="0" ind2=" " tag="775"><subfield code="t">Marshall morning news (Marshall, Tex. : 1919)</subfield><subfield code="w">(DLC)sn 86089881</subfield></datafield><datafield ind1="0" ind2="0" tag="780"><subfield code="t">Marshall messenger (Marshall, Tex. : 1877)</subfield><subfield code="w">(DLC)sn 86064225</subfield></datafield><datafield ind1="0" ind2="5" tag="780"><subfield code="t">Marshall morning news (Marshall, Tex. : 1919)</subfield><subfield code="w">(DLC)sn 86089881</subfield></datafield><datafield ind1="0" ind2="5" tag="780"><subfield code="t">Marshall evening messenger</subfield><subfield code="w">(DLC)sn 86089871</subfield></datafield><datafield ind1="0" ind2="0" tag="785"><subfield code="t">News messenger (Marshall, Tex.)</subfield><subfield code="w">(DLC)sn 90001347</subfield></datafield></record>